<?xml version="1.0" encoding="UTF-8"?>
<OAI-PMH xmlns="http://www.openarchives.org/OAI/2.0/" xmlns:xsi="http://www.w3.org/2001/XMLSchema-instance" xsi:schemaLocation="http://www.openarchives.org/OAI/2.0/ http://www.openarchives.org/OAI/2.0/OAI-PMH.xsd">
  <ListRecords>
    <record>
      <header>
        <identifier>aleph-publish:036394605</identifier>
      </header>
      <metadata>
        <record xmlns="http://www.ddb.de/professionell/mabxml/mabxml-1.xsd">
          <leader>00000cM2.01200024------h</leader>
          <controlfield tag="LDR">00000cM2.01200024------h</controlfield>
          <controlfield tag="FMT">MH</controlfield>
          <datafield tag="001" ind1="-" ind2="1">
            <subfield code="a">HT020202475</subfield>
          </datafield>
          <datafield tag="002" ind1="a" ind2="1">
            <subfield code="a">20190918</subfield>
          </datafield>
          <datafield tag="003" ind1="-" ind2="1">
            <subfield code="a">20220608</subfield>
          </datafield>
          <datafield tag="026" ind1="k" ind2="1">
            <subfield code="a">01281704X</subfield>
          </datafield>
          <datafield tag="026" ind1="-" ind2="1">
            <subfield code="a">KEP01281704X</subfield>
          </datafield>
          <datafield tag="026" ind1="l" ind2="1">
            <subfield code="a">01281704X</subfield>
          </datafield>
          <controlfield tag="030">a||ur||||||17</controlfield>
          <datafield tag="036" ind1="a" ind2="1">
            <subfield code="a">DE</subfield>
          </datafield>
          <datafield tag="037" ind1="b" ind2="1">
            <subfield code="a">ger</subfield>
          </datafield>
          <controlfield tag="050">||||||||g|||||</controlfield>
          <controlfield tag="051">m|||||||</controlfield>
          <datafield tag="060" ind1="-" ind2="1">
            <subfield code="b">txt</subfield>
            <subfield code="a">Text</subfield>
          </datafield>
          <datafield tag="061" ind1="-" ind2="1">
            <subfield code="b">c</subfield>
            <subfield code="a">Computermedien</subfield>
          </datafield>
          <datafield tag="062" ind1="-" ind2="1">
            <subfield code="b">cr</subfield>
            <subfield code="a">Online-Ressource</subfield>
          </datafield>
          <datafield tag="070" ind1="-" ind2="1">
            <subfield code="a">290</subfield>
          </datafield>
          <datafield tag="070" ind1="b" ind2="1">
            <subfield code="a">5</subfield>
          </datafield>
          <datafield tag="078" ind1="i" ind2="1">
            <subfield code="a">iall</subfield>
          </datafield>
          <datafield tag="078" ind1="e" ind2="1">
            <subfield code="a">ZDB-197-MSE</subfield>
          </datafield>
          <datafield tag="080" ind1="-" ind2="1">
            <subfield code="a">60</subfield>
          </datafield>
          <datafield tag="100" ind1="-" ind2="1">
            <subfield code="p">Breuer, Stefan</subfield>
            <subfield code="d">1948-</subfield>
            <subfield code="9">(DE-588)120195364</subfield>
          </datafield>
          <datafield tag="101" ind1="-" ind2="1">
            <subfield code="p">Brojer, Štefan</subfield>
            <subfield code="d">1948-</subfield>
          </datafield>
          <datafield tag="101" ind1="-" ind2="1">
            <subfield code="p">Breuer, S.</subfield>
            <subfield code="d">1948-</subfield>
          </datafield>
          <datafield tag="331" ind1="-" ind2="1">
            <subfield code="a">Kritische Theorie</subfield>
          </datafield>
          <datafield tag="335" ind1="-" ind2="1">
            <subfield code="a">Schlüsselbegriffe, Kontroversen, Grenzen</subfield>
          </datafield>
          <datafield tag="359" ind1="-" ind2="1">
            <subfield code="a">Stefan Breuer</subfield>
          </datafield>
          <datafield tag="419" ind1="-" ind2="1">
            <subfield code="a">Tübingen</subfield>
            <subfield code="b">Mohr Siebeck</subfield>
            <subfield code="c">[2016]</subfield>
          </datafield>
          <datafield tag="419" ind1="d" ind2="1">
            <subfield code="c">© 2016</subfield>
          </datafield>
          <datafield tag="425" ind1="a" ind2="1">
            <subfield code="a">2016</subfield>
          </datafield>
          <datafield tag="433" ind1="-" ind2="1">
            <subfield code="a">1 Online-Ressource (271 Seiten)</subfield>
          </datafield>
          <datafield tag="540" ind1="a" ind2="1">
            <subfield code="a">978-3-16-154630-3</subfield>
            <subfield code="b">e-book</subfield>
          </datafield>
          <datafield tag="552" ind1="a" ind2="1">
            <subfield code="a">10.1628/978-3-16-154630-3</subfield>
          </datafield>
          <datafield tag="655" ind1="e" ind2="1">
            <subfield code="u">https://doi.org/10.1628/978-3-16-154630-3</subfield>
            <subfield code="x">Resolving-System</subfield>
            <subfield code="3">Volltext</subfield>
            <subfield code="A">0</subfield>
          </datafield>
          <datafield tag="655" ind1="e" ind2="1">
            <subfield code="u">https://www.mohrsiebeck.com/buch/kritische-theorie-9783161546303</subfield>
            <subfield code="x">Verlag</subfield>
            <subfield code="3">Volltext</subfield>
            <subfield code="A">0</subfield>
          </datafield>
          <datafield tag="710" ind1="a" ind2="1">
            <subfield code="a">Critical theory</subfield>
          </datafield>
          <datafield tag="710" ind1="a" ind2="1">
            <subfield code="a">Electronic books</subfield>
          </datafield>
          <datafield tag="776" ind1="-" ind2="1">
            <subfield code="i">Erscheint auch als</subfield>
            <subfield code="a">Breuer, Stefan</subfield>
            <subfield code="t">Kritische Theorie</subfield>
            <subfield code="n">Druck-Ausgabe</subfield>
            <subfield code="z">978-3-16-154610-5</subfield>
            <subfield code="9">HT019007872</subfield>
          </datafield>
          <datafield tag="902" ind1="-" ind2="1">
            <subfield code="s">Kritische Theorie</subfield>
            <subfield code="9">(DE-588)4073840-1</subfield>
          </datafield>
          <controlfield tag="SYS">036394605</controlfield>
          <datafield tag="LOW" ind1="-" ind2="1">
            <subfield code="a">Q0001</subfield>
          </datafield>
          <datafield tag="952" ind1="-" ind2="1">
            <subfield code="s">Frankfurter Schule</subfield>
          </datafield>
          <datafield tag="952" ind1="-" ind2="1">
            <subfield code="s">Kritische Gesellschaftstheorie</subfield>
          </datafield>
          <datafield tag="088" ind1=" " ind2=" ">
            <subfield code="a">290/ET</subfield>
          </datafield>
          <datafield tag="088" ind1=" " ind2=" ">
            <subfield code="a">5</subfield>
          </datafield>
        </record>
      </metadata>
    </record>
  </ListRecords>
</OAI-PMH>
